% This file was created with JabRef 2.5.
% Encoding: Cp1252

@ARTICLE{baron2001vivo,
  author = {Baron, JC and Chetelat, G. and Desgranges, B. and Perchey, G. and
	Landeau, B. and De La Sayette, V. and Eustache, F.},
  title = {{In vivo mapping of gray matter loss with voxel-based morphometry
	in mild Alzheimer's disease}},
  journal = {Neuroimage},
  year = {2001},
  volume = {14},
  pages = {298--309},
  number = {2},
  publisher = {Elsevier}
}

@ARTICLE{braak1991neuropathological,
  author = {Braak, H. and Braak, E.},
  title = {{Neuropathological stageing of Alzheimer-related changes}},
  journal = {Acta neuropathologica},
  year = {1991},
  volume = {82},
  pages = {239--259},
  number = {4},
  publisher = {Springer}
}

@ARTICLE{chumlea1982physical,
  author = {Chumlea, W.C.},
  title = {{Physical growth in adolescence}},
  journal = {Handbook of developmental psychology},
  year = {1982},
  pages = {471--485}
}

@ARTICLE{du2007different,
  author = {Du, A.T. and Schuff, N. and Kramer, J.H. and Rosen, H.J. and Gorno-Tempini,
	M.L. and Rankin, K. and Miller, B.L. and Weiner, M.W.},
  title = {{Different regional patterns of cortical thinning in Alzheimer's
	disease and frontotemporal dementia}},
  journal = {Brain},
  year = {2007},
  volume = {130},
  pages = {1159},
  number = {4},
  publisher = {Oxford Univ Press}
}

@ARTICLE{dubois2007research,
  author = {Dubois, B. and Feldman, H.H. and Jacova, C. and DeKosky, S.T. and
	Barberger-Gateau, P. and Cummings, J. and Delacourte, A. and Galasko,
	D. and Gauthier, S. and Jicha, G. and others},
  title = {{Research criteria for the diagnosis of Alzheimer's disease: revising
	the NINCDS-ADRDA criteria}},
  journal = {The Lancet Neurology},
  year = {2007},
  volume = {6},
  pages = {734--746},
  number = {8},
  publisher = {Elsevier}
}

@ARTICLE{fischl2002whole,
  author = {Fischl, B. and Salat, D.H. and Busa, E. and Albert, M. and Dieterich,
	M. and Haselgrove, C. and van der Kouwe, A. and Killiany, R. and
	Kennedy, D. and Klaveness, S. and others},
  title = {{Whole Brain Segmentation:: Automated Labeling of Neuroanatomical
	Structures in the Human Brain}},
  journal = {Neuron},
  year = {2002},
  volume = {33},
  pages = {341--355},
  number = {3},
  publisher = {Elsevier}
}

@ARTICLE{fischl2004automatically,
  author = {Fischl, B. and Van Der Kouwe, A. and Destrieux, C. and Halgren, E.
	and Segonne, F. and Salat, D.H. and Busa, E. and Seidman, L.J. and
	Goldstein, J. and Kennedy, D. and others},
  title = {{Automatically parcellating the human cerebral cortex}},
  journal = {Cerebral Cortex},
  year = {2004},
  volume = {14},
  pages = {11},
  number = {1},
  publisher = {Oxford Univ Press}
}

@ARTICLE{folstein1975mini,
  author = {Folstein, M.F. and Folstein, S.E. and McHugh, P.R.},
  title = {{" Mini-mental state". A practical method for grading the cognitive
	state of patients for the clinician.}},
  journal = {Journal of psychiatric research},
  year = {1975},
  volume = {12},
  pages = {189},
  number = {3}
}

@ARTICLE{fox1996visualisation,
  author = {Fox, N.C. and Freeborough, P.A. and Rossor, M.N.},
  title = {{Visualisation and quantification of rates of atrophy in Alzheimer's
	disease}},
  journal = {The Lancet},
  year = {1996},
  volume = {348},
  pages = {94--97},
  number = {9020},
  publisher = {Elsevier}
}

@ARTICLE{freeborough1998modeling,
  author = {Freeborough, P.A. and Fox, N.C.},
  title = {{Modeling brain deformations in Alzheimer disease by fluid registration
	of serial 3D MR images}},
  journal = {Journal of Computer Assisted Tomography},
  year = {1998},
  volume = {22},
  pages = {838},
  number = {5}
}

@BOOK{gilks1996markov,
  title = {{Markov chain Monte Carlo in practice}},
  publisher = {Chapman \& Hall/CRC},
  year = {1996},
  author = {Gilks, W.R. and Gilks, W.R. and Richardson, S. and Spiegelhalter,
	D.J.}
}

@ARTICLE{greicius2003functional,
  author = {Greicius, M.D. and Krasnow, B. and Reiss, A.L. and Menon, V.},
  title = {{Functional connectivity in the resting brain: a network analysis
	of the default mode hypothesis}},
  journal = {Proceedings of the National Academy of Sciences of the United States
	of America},
  year = {2003},
  volume = {100},
  pages = {253},
  number = {1},
  publisher = {National Acad Sciences}
}

@ARTICLE{hagmann2008mapping,
  author = {Hagmann, P. and Cammoun, L. and Gigandet, X. and Meuli, R. and Honey,
	C.J. and Wedeen, V.J. and Sporns, O.},
  title = {{Mapping the structural core of human cerebral cortex}},
  journal = {PLoS Biol},
  year = {2008},
  volume = {6},
  pages = {e159},
  number = {7}
}

@ARTICLE{henley2009relationship,
  author = {Henley, S.M.D. and Wild, E.J. and Hobbs, N.Z. and Scahill, R.I. and
	Ridgway, G.R. and MacManus, D.G. and Barker, R.A. and Fox, N.C. and
	Tabrizi, S.J.},
  title = {{Relationship between CAG repeat length and brain volume in premanifest
	and early Huntington’s disease}},
  journal = {Journal of neurology},
  year = {2009},
  volume = {256},
  pages = {203--212},
  number = {2},
  publisher = {Springer}
}

@ARTICLE{jack2010hypothetical,
  author = {Jack Jr, C.R. and Knopman, D.S. and Jagust, W.J. and Shaw, L.M. and
	Aisen, P.S. and Weiner, M.W. and Petersen, R.C. and Trojanowski,
	J.Q.},
  title = {{Hypothetical model of dynamic biomarkers of the Alzheimer's pathological
	cascade}},
  journal = {The Lancet Neurology},
  year = {2010},
  volume = {9},
  pages = {119--128},
  number = {1},
  issn = {1474-4422},
  publisher = {Elsevier}
}

@ARTICLE{jack1997medial,
  author = {Jack Jr, C.R. and Petersen, R.C. and Xu, Y.C. and Waring, S.C. and
	O'Brien, P.C. and Tangalos, E.G. and Smith, G.E. and Ivnik, R.J.
	and Kokmen, E.},
  title = {{Medial temporal atrophy on MRI in normal aging and very mild Alzheimer's
	disease}},
  journal = {Neurology},
  year = {1997},
  volume = {49},
  pages = {786},
  number = {3},
  publisher = {NIH Public Access}
}

@ARTICLE{jagust2007does,
  author = {Jagust, W. and Reed, B. and Mungas, D. and Ellis, W. and Decarli,
	C.},
  title = {{What does fluorodeoxyglucose PET imaging add to a clinical diagnosis
	of dementia?}},
  journal = {Neurology},
  year = {2007},
  volume = {69},
  pages = {871},
  number = {9},
  publisher = {AAN Enterprises}
}

@ARTICLE{lerch2005focal,
  author = {Lerch, J.P. and Pruessner, J.C. and Zijdenbos, A. and Hampel, H.
	and Teipel, S.J. and Evans, A.C.},
  title = {{Focal decline of cortical thickness in Alzheimer's disease identified
	by computational neuroanatomy}},
  journal = {Cerebral cortex},
  year = {2005},
  volume = {15},
  pages = {995},
  number = {7},
  publisher = {Oxford Univ Press}
}

@ARTICLE{malerba-learning,
  author = {Malerba, D. and Ceci, M.},
  title = {{Learning to Order: A Relational Approach}},
  journal = {Mining Complex Data},
  year = {2007},
  pages = {209--223},
  publisher = {Springer}
}

@CONFERENCE{mannila2000global,
  author = {Mannila, H. and Meek, C.},
  title = {{Global partial orders from sequential data}},
  booktitle = {Proceedings of the sixth ACM SIGKDD international conference on Knowledge
	discovery and data mining},
  year = {2000},
  pages = {168},
  organization = {ACM}
}

@BOOK{mclachlan2000finite,
  title = {{Finite mixture models}},
  publisher = {Wiley-Interscience},
  year = {2000},
  author = {McLachlan, G.J. and Peel, D.},
  isbn = {0471006262}
}

@ARTICLE{modat2010fast,
  author = {Modat, M. and Ridgway, G.R. and Taylor, Z.A. and Lehmann, M. and
	Barnes, J. and Hawkes, D.J. and Fox, N.C. and Ourselin, S.},
  title = {{Fast free-form deformation using graphics processing units}},
  journal = {Computer methods and programs in biomedicine},
  year = {2010},
  volume = {98},
  pages = {278--284},
  number = {3},
  issn = {0169-2607},
  publisher = {Elsevier}
}

@ARTICLE{mueller2005ways,
  author = {Mueller, S.G. and Weiner, M.W. and Thal, L.J. and Petersen, R.C.
	and Jack, C.R. and Jagust, W. and Trojanowski, J.Q. and Toga, A.W.
	and Beckett, L.},
  title = {{Ways toward an early diagnosis in Alzheimer's disease: the Alzheimer's
	Disease Neuroimaging Initiative (ADNI)}},
  journal = {Alzheimer's and Dementia: The Journal of the Alzheimer's Association},
  year = {2005},
  volume = {1},
  pages = {55--66},
  number = {1},
  issn = {1552-5260},
  publisher = {Elsevier}
}

@ARTICLE{puolamäki2006seriation,
  author = {Puolamaki, K. and Fortelius, M. and Mannila, H.},
  title = {{Seriation in paleontological data using Markov chain Monte Carlo
	methods}},
  journal = {PLoS Comput Biol},
  year = {2006},
  volume = {2},
  pages = {e6},
  number = {2}
}

@ARTICLE{ridha2006tracking,
  author = {Ridha, B.H. and Barnes, J. and Bartlett, J.W. and Godbolt, A. and
	Pepple, T. and Rossor, M.N. and Fox, N.C.},
  title = {{Tracking atrophy progression in familial Alzheimer's disease: a
	serial MRI study}},
  journal = {The Lancet Neurology},
  year = {2006},
  volume = {5},
  pages = {828--834},
  number = {10},
  publisher = {Elsevier}
}

@ARTICLE{scahill2002mapping,
  author = {Scahill, R.I. and Schott, J.M. and Stevens, J.M. and Rossor, M.N.
	and Fox, N.C.},
  title = {{Mapping the evolution of regional atrophy in Alzheimer's disease:
	unbiased analysis of fluid-registered serial MRI}},
  journal = {Proceedings of the National Academy of Sciences of the United States
	of America},
  year = {2002},
  volume = {99},
  pages = {4703},
  number = {7},
  publisher = {National Acad Sciences}
}

@ARTICLE{shoulson1979huntington,
  author = {Shoulson, I. and Fahn, S.},
  title = {{Huntington disease: clinical care and evaluation.}},
  journal = {Neurology},
  year = {1979},
  volume = {29},
  pages = {1},
  number = {1}
}

@ARTICLE{tabrizi2009biological,
  author = {Tabrizi, S.J. and Langbehn, D.R. and Leavitt, B.R. and Roos, R.A.C.
	and Durr, A. and Craufurd, D. and Kennard, C. and Hicks, S.L. and
	Fox, N.C. and Scahill, R.I. and others},
  title = {{Biological and clinical manifestations of Huntington's disease in
	the longitudinal TRACK-HD study: cross-sectional analysis of baseline
	data}},
  journal = {The Lancet Neurology},
  year = {2009},
  volume = {8},
  pages = {791--801},
  number = {9},
  issn = {1474-4422},
  publisher = {Elsevier}
}

@ARTICLE{thompson2003dynamics,
  author = {Thompson, P.M. and Hayashi, K.M. and De Zubicaray, G. and Janke,
	A.L. and Rose, S.E. and Semple, J. and Herman, D. and Hong, M.S.
	and Dittmer, S.S. and Doddrell, D.M. and others},
  title = {{Dynamics of gray matter loss in Alzheimer's disease}},
  journal = {Journal of Neuroscience},
  year = {2003},
  volume = {23},
  pages = {994},
  number = {3},
  publisher = {Soc Neuroscience}
}

@ARTICLE{thompson2001cortical,
  author = {Thompson, P.M. and Mega, M.S. and Woods, R.P. and Zoumalan, C.I.
	and Lindshield, C.J. and Blanton, R.E. and Moussai, J. and Holmes,
	C.J. and Cummings, J.L. and Toga, A.W.},
  title = {{Cortical change in Alzheimer's disease detected with a disease-specific
	population-based brain atlas}},
  journal = {Cerebral Cortex},
  year = {2001},
  volume = {11},
  pages = {1},
  number = {1},
  publisher = {Oxford Univ Press}
}

@ARTICLE{van2007current,
  author = {Van Broeck, B. and Van Broeckhoven, C. and Kumar-Singh, S.},
  title = {{Current insights into molecular mechanisms of Alzheimer disease
	and their implications for therapeutic approaches}},
  journal = {Neurodegenerative Diseases},
  year = {2007},
  volume = {4},
  pages = {349--365},
  number = {5},
  publisher = {Karger Publishers}
}

@comment{jabref-meta: selector_publisher:}

@comment{jabref-meta: selector_author:}

@comment{jabref-meta: selector_journal:}

@comment{jabref-meta: selector_keywords:}

